<record><leader>00000cas a22000007a 4500</leader><controlfield tag="001">20614301</controlfield><controlfield tag="008">891108d19501953pauwr ne      0    0eng d</controlfield><datafield ind1=" " ind2=" " tag="010"><subfield code="a">sn 89077315 </subfield></datafield><datafield ind1=" " ind2=" " tag="040"><subfield code="a">NPH</subfield><subfield code="b">eng</subfield><subfield code="c">NPH</subfield><subfield code="d">OCLCQ</subfield></datafield><datafield ind1=" " ind2=" " tag="042"><subfield code="a">msc</subfield></datafield><datafield ind1="0" ind2="0" tag="245"><subfield code="a">Morrisville independent.</subfield></datafield><datafield ind1="1" ind2="3" tag="246"><subfield code="a">Independent</subfield></datafield><datafield ind1=" " ind2=" " tag="260"><subfield code="a">Morrisville, Penna. :</subfield><subfield code="b">James A. Dorsey,</subfield><subfield code="c">1950-</subfield></datafield><datafield ind1=" " ind2=" " tag="300"><subfield code="a">v. :</subfield><subfield code="b">ill. ;</subfield><subfield code="c">58 cm.</subfield></datafield><datafield ind1=" " ind2=" " tag="310"><subfield code="a">Weekly</subfield></datafield><datafield ind1="0" ind2=" " tag="362"><subfield code="a">Vol. 1, no. 1 (Oct. 19, 1950)-</subfield></datafield><datafield ind1="1" ind2=" " tag="362"><subfield code="a">Ceased in 1953.</subfield></datafield><datafield ind1=" " ind2=" " tag="752"><subfield code="a">United States</subfield><subfield code="b">Pennsylvania</subfield><subfield code="c">Bucks</subfield><subfield code="d">Morrisville.</subfield></datafield></record>